% Bücher

@book{elmasri2009,
  title={Grundlagen von Datenbanksystemen},
  author={Elmasri, R. and Navathe, S.},
  isbn={9783868940121},
  year={2009},
  publisher={Pearson Deutschland}
}

@book{warner2007,
  title={Advanced SQL: SQL f{\"u}r Praxis und Studium},
  author={Warner, D.},
  isbn={9783772371707},
  year={2007},
  publisher={Franzis}
}

@book{kline2005,
  title={SQL in a nutshell},
  author={Kline, K.E. and Hunt, B. and Kline, D.},
  isbn={9783897213401},
  year={2005},
  publisher={O'Reilly}
}

@book{powers2007,
  title={Einf{\"u}hrung in JavaScript},
  author={Powers, S.},
  isbn={9783897214972},
  year={2007},
  publisher={O'Reilly}
}

@book{steyer2010,
  title={Das JavaScript-Handbuch: Einführung, Praxis und Referenz},
  author={Steyer, R.},
  isbn={9783827329400},
  year={2010},
  publisher={Pearson Deutschland}
}

@book{heinle2006,
  title={Webdesign mit JavaScript \& Ajax},
  author={Heinle, N. and Pe{\~n}a, B. and Speidel, U.},
  isbn={9783897214712},
  year={2006},
  publisher={O'Reilly}
}

@book{rautenstrauch2002,
  title={Informatik für Wirtschaftswissenschaftler und Wirtschaftsinformatiker: mit 40 Tabellen},
  author={Rautenstrauch, C. and Schulze, T.},
  isbn={9783642562464},
  year={2002},
  publisher={Springer Berlin Heidelberg}
}

@book{taglinger2003,
  title={Jetzt lerne ich HTML: der einfache Einstieg in die eigene Website},
  author={Taglinger, H.},
  isbn={9783827265531},
  year={2003},
  publisher={Markt+Technik-Verlag}
}

@book{poetzsch2000,
  title={Konzepte Objektorientierter Programmierung: Mit Einer Einf{\"u}hrung in Java},
  author={Poetzsch-Heffter, A.},
  isbn={9783540667933},
  year={2000},
  publisher={Springer}
}

@book{peyton2005,
  title={PHP 5 \& MySQL 4: der leichte Einstieg},
  author={Peyton, C. and M{\"o}ller, A.},
  isbn={9783827269188},
  year={2005},
  publisher={Markt-und-Technik-Verlag}
}

@book{jenny2001,
  title={Projektmanagement in der Wirtschaftsinformatik},
  author={Jenny, B.},
  isbn={9783728127914},
  year={2001},
  publisher={vdf, Hochsch.-Verlag an der ETH}
}

@book{lubbers2011,
  title={Pro HTML5 Programming},
  author={Lubbers, P. and Salim, F. and Albers, B.},
  isbn={9781430238645},
  year={2011},
  publisher={Apress}
}

% Buchteile

% Eigenständige Werke

@booklet{codd1970,
  author={Codd, E.},
  title={A Relational Model of Data for Large Shared Data Banks},
  year={1970}
}

@booklet{unternehmensfuehrung2014,
  author={Fangmann, J. and Makeev, A. and Otten, R. and Sandker, C.},
  title={Virtueller Campus Lingen - Unternehmensführung und Konzeptionierung},
  year={2014}
}

@booklet{lastenheft2013,
  author={Fangmann, J. and Makeev, A. and Otten, R. and Sandker, C.},
  title={Lastenheft},
  year={2013}
}

@booklet{pflichtenheft2013,
  author={Fangmann, J. and Makeev, A. and Otten, R. and Sandker, C.},
  title={Pflichtenheft},
  year={2013}
}


@booklet{dokumentation2014,
  author={Fangmann, J. and Makeev, A. and Otten, R. and Sandker, C.},
  title={Benutzerdokumentation des Projektes Virtueller Campus Lingen},
  year={2014}
}

% Artikel aus Zeitschriften

% Internetquellen

@misc{sle2013,
  author={{Stadt Lingen Ems}},
  title={Hochschule Osnabrück},
  month={November},
  year={2013},
  url={http://www.lingen.de/familie_und_bildung/studium/hochschule_osnabrueck/hochschule_osnabrueck.html}
}