% Bücher

@book{difir2002,
  author={{Deutsches Institut für Interne Revision e.V.}},
  title={Revision des Projektmanagements},
  publisher={Erich Schmidt Verlag},
  year={2002},
  isbn={9783503060559}
}

@book{kerzner2008,
  author={Kerzner, H.},
  title={Projektmanagement: Ein systemorientierter Ansatz zur Planung und Steuerung},
  publisher={mitp},
  year={2008},
  isbn={9783826616662}
}

@book{schels2008,
  author={Schels, I.},
  title={Projektmanagement mit Excel 2007: Projekte budgetieren, planen und steuern},
  publisher={Pearson Deutschland},
  year={2008},
  isbn={9783827326003}
}

@book{walter2006,
  author={Walter, V.},
  title={Projektmanagement: Projekte planen, überwachen und steuern},
  publisher={Books on Demand},
  year={2006},
  isbn={9783833439759}
}

@book{litke2007,
  author={Litke, H.D},
  title={Projektmanagement: Methoden, Techniken, Verhaltensweisen},
  publisher={Carl Hanser Verlag},
  year={2007},
  isbn={978-3-4464-0997-2}
}

% Buchteile

% Eigenständige Werke

% TODO: Titel ändern
@booklet{modelierungUndBetrieb2014,
  author={Fangmann, J. and Makeev, A. and Otten, R. and Sandker, C.},
  title={Modellierung und Betrieb},
  year={2014}
}
% TODO: Titel ändern
@booklet{lastenheft2013,
  author={Fangmann, J. and Makeev, A. and Otten, R. and Sandker, C.},
  title={Lastenheft},
  year={2013}
}
% TODO: Titel ändern
@booklet{pflichtenheft2013,
  author={Fangmann, J. and Makeev, A. and Otten, R. and Sandker, C.},
  title={Pflichtenheft},
  year={2013}
}

% TODO: Titel ändern
@booklet{projektdokumentation2014,
  author={Fangmann, J. and Makeev, A. and Otten, R. and Sandker, C.},
  title={Benutzerdokumentation des Projektes Virtueller Campus Lingen},
  year={2013}
}

% Artikel aus Zeitschriften

% Internetquellen

@misc{sle2013,
  author={{Stadt Lingen Ems}},
  title={Hochschule Osnabrück},
  month={November},
  year={2013},
  url={http://www.lingen.de/familie_und_bildung/studium/hochschule_osnabrueck/hochschule_osnabrueck.html}
}